<?xml version="1.0" encoding="UTF-8"?><collection xmlns="http://www.loc.gov/MARC21/slim"><record><leader>00350nam--2200121-i-4500</leader><controlfield tag="001">000034527</controlfield><controlfield tag="002">20161230</controlfield><controlfield tag="005">20161230201040</controlfield><controlfield tag="008">060222s1000------------r-----000-0-eng-d</controlfield><datafield ind1=" " ind2=" " tag="245"><subfield code="a">Neutron physics and nuclear data in science and technology. vol.3.neutron radiative capture</subfield></datafield><datafield ind1=" " ind2=" " tag="260"><subfield code="a">Oxford, Pergamon Press, 1981</subfield></datafield><datafield ind1=" " ind2=" " tag="700"><subfield code="a">B.J.Allen</subfield></datafield><datafield ind1=" " ind2=" " tag="852"><subfield code="a">70776</subfield></datafield></record></collection>